@book{2009_Bruce,
  author    = {Bruce Hayes},
  publisher = {Blackwell},
  title     = {Introductory Phonology},
  year      = {2009}
}

@inproceedings{2011_Moisik_al,
  author    = {Moisik, Scott R. and Esling, John H.},
  booktitle = {Proceedings of the International Congress of Phonetic Sciences (ICPhS XVII)},
  pages     = {1406-1409},
  title     = {The 'whole larynx' approach to laryngeal features},
  year      = {2011}
}

@article{2013_Mikolov_al,
  title   = {Efficient {Estimation} of {Word} {Representations} in {Vector} {Space}},
  journal = {arXiv:1301.3781 [cs]},
  author  = {Mikolov, Tomas and Chen, Kai and Corrado, Greg and Dean, Jeffrey},
  month   = jan,
  year    = {2013},
  note    = {arXiv: 1301.3781}
}

@book{2014_Moran_al,
  address   = {Leipzig},
  editor    = {Steven Moran and Daniel McCloy and Richard Wright},
  publisher = {Max Planck Institute for Evolutionary Anthropology},
  title     = {PHOIBLE Online},
  url       = {http://phoible.org/},
  year      = {2014}
}

@book{2017_Dellert_Jäger,
  address   = {Tübingen},
  editor    = {Johannes Dellert and Gerhard Jäger},
  publisher = {Eberhard Karls Universität Tübingen},
  title     = {NorthEuraLex (version 0.9)},
  url       = {http://northeuralex.org},
  year      = {2017}
}
